@STRING{EUSIPCO = " European Signal Processing Conference"}
@STRING{GRETSI = "Colloque sur le Traitement du Signal et des Images, GRETSI"}
@STRING{ICASSP = "International Conference on Acoustics, Speech and Signal Processing"}
@STRING{JACOUSSA = " Journal of Acoustical Society of America"}
@STRING{PROCIEEE = " Proceedings of the IEEE"}
@STRING{IEEPROC = " IEE proceedings"}
@STRING{IEEPROCF = " IEE proceedings, Part F"}
@STRING{SIAMR = "SIAM Review"}
@STRING{TRAITSIG = "Traitement du Signal"}
@STRING{TRANSINFTH= "IEEE Transactions on Information Theory"}
@STRING{TRANSSIG = "IEEE Transactions on Signal Processing"}
@STRING{TRANSASSP = "IEEE Transactions on Acoustics, Speech and Signal Processing"}
@STRING{TRANSCOM = "IEEE Transactions on Communications"}
@STRING{IEERADAR = "IEE International Conference on Radar"}
@STRING{IEEERADARCONF = "IEEE International Radar Conference"}
@STRING{ISTFTSA = "IEEE International Symposium on Time-Frequency and
		  Time-Scale Analysis"}
@STRING{TOM = "Colloque Temps-Fr\'equence, Ondelettes et Multir\'esolution, INSA-Lyon"}
@STRING{AEEP = "SPIE Advances in Electronics and Electron Physics"}
@STRING{IRCV = "SPIE Intelligent Robots and Computer Vision"}
@STRING{AAASP = "SPIE Advanced Algorithms and Architectures for Signal-Processing II"}
@STRING{ASPAAI = "SPIE Advanced Signal-Processing Algorithms, Architectures
		  and Implementations"} 


	  
@phdthesis{AUG91,
   author    = {F. Auger},
   title     = {Representations temps-frequence des signaux
		  non-stationnaires\,: synthese et contributions},
   year      = {1991},
   school    = {Ecole Centrale de Nantes, France}
}
		
  		  
@article{AUG94,
   author    = {F. Auger and P. Flandrin},
   title     = {The Why and How of Time-Frequency Reassignment},
   journal   = ISTFTSA,
   year      = {1994},
   note      = {Philadelphia},     
   pages     = {197-200}
}

	  
@article{AUG95,
   author    = {F. Auger and P. Flandrin},
   title     = {Improving the {R}eadability of {T}ime-{F}requency and
		  {T}ime-{S}cale {R}epresentations by the {R}eassignment
		  {M}ethod}, 
   journal   = TRANSSIG,
   year      = {1995},
   volume    = {43},
   number    = {5},
   pages     = {1068-89}
}


@article{AUS91,
   author    = {L. Auslander and I. Gertner and R. Tolimieri},
   title     = {The Discrete Zak Transform Application to Time-Frequency
		  Analysis and Synthesis of Nonstationary Signals},
   journal   = TRANSSIG,
   year      = {1991},
   volume    = {39},
   number    = {4},
   pages     = {825-835}
}

		  
@article{BAR95,
   author    = {S. Barbarossa},
   title     = {Analysis of {M}ulticomponent {LFM} {S}ignals by a
		  {C}ombined {W}igner-{H}ough {T}ransform}, 
   journal   = TRANSSIG,
   year      = {1995},
   month     = {June},
   volume    = {43},
   number    = {6}
}

  
@article{BER92,
   author    = {J. Bertrand and P. Bertrand},
   title     = {A Class of Affine Wigner Functions with Extended Covariance
		  Properties}, 
   journal   = {J. Math. Phys.},
   volume    = 33,	
   number    = 7, 
   mounth    = {July},
   year      = {1992},
}
		  
	
@article{COH89,
   author    = {L. Cohen},
   title     = {Time-{F}requency {D}istributions - {A} {R}eview},
   journal   = PROCIEEE,
   year      = {1989},
   volume    = {77},
   number    = {7},
   pages     = {941-980}
}

	  
@book{DAU92,
   author    = {I. Daubechies},
   title     = {Ten {L}ectures on {W}avelets},
   year      = {1992},
   publisher = {SIAM}
}
	  

@conference{FLA86,
   author    = {P. Flandrin},
   title     = {On {D}etection-{E}stimation {P}rocedures in the
		  {T}ime-{F}requency {P}lane}, 
   booktitle = ICASSP,
   year      = {1986},
   pages     = {43.5.1-4}
}

		  
@book{FLA93,
   author    = {P. Flandrin},
   title     = {Temps-fr\'equence},
   year      = {1993},
   note      = {Traité des Nouvelles Technologies, série Traitement du
		  Signal},     
   publisher = {Herm\`es}
}

	
@inproceedings{GON92,
   author    = {P. Gon\c{c}alv\`es and P. Flandrin},
   title     = {Scaling Exponents Estimation from Time-Scale Energy Distributions},
   booktitle = {IEEE Int. Conf. on Acoust., Speech and Signal Proc. ICASSP-92},
   year      = {1992},
   address   = {San Francisco (CA)},
   pages     = {V.157--V.160}
}

	  
@phdthesis{GON93,
   author    = {P. Gonçalvès},
   title     = {Representations temps-frequence et temps-echelle
		  bilineaires\,: synthese et contributions},
   year      = {1993},
   school    = {Institut Polytechnique de Grenoble - Laboratoire de
		  Physique de l'Ecole Normale Superieure de Lyon, France}
}
		  
		  
@article{GON96,	
   author    = {P. Gonçalvès and R. Baraniuk},
   title     = {Pseudo Affine Wigner Distributions and Kernel Formulation},
   journal   = {Submitted to IEEE Transactions on Signal Processing},
   year      = {1996}
}

		  
@inproceedings{HAR78,
   author    = {F. Harris},
   title     = {On the use of windows for harmonic analysis with the
		  discrete Fourier transform},
   booktitle = {Proceedings IEEE}, 
   year      = {1978},
   volume    = {66},	  
   pages     = {51-83}
}

	  	  
@inproceedings{HLA91,
   author    = {F. Hlawatsch},
   title     = {Time-Frequency Methods for Signal Processing},
   booktitle = {Technical Report 1291-0001, Dept of Electrical Engineering,
 	University of Rhode Island},
   year      = {1991}
}

		  
@article{HLA92,
   author    = {F. Hlawatsch and F. Boudreaux-Bartels},
   title     = {Linear and {Q}uadratic {T}ime-{F}requency {S}ignal
       {R}epresentations},
   journal   = {IEEE SP Magazine},
   year      = {1992},
   pages     = {21-67},
   mounth    = {April}
}

	
@article{KOD76, 
   author    = {K. Kod\'era and C. de Villedary and R. Gendrin},
   title     = {A {N}ew {M}ethod for the {N}umerical {A}nalysis of
   {T}ime-{V}arying {S}ignals with {S}mall {BT} {V}alues}, 
   journal   = {Phys. Earth Planet. Interiors}, 
   year      = {1976}, 
   volume    = {12}, 
   pages     = {142-150}
}

	  	  
@phdthesis{LEM95,
   author    = {O. Lemoine},
   title     = {D\'etection de signaux non stationnaires par
		  repr\'esentation temps-fr\'equence},
   year      = {1995},
   month     = {Sept.},
   school    = {Universit\'e de Nice-Sophia Antipolis}
}

		  
@article{OVA94,
   author    = {J-P. Ovarlez},
   title     = {La Transformation de Mellin et l'Analyse des Signaux
		  Large-Bande}, 
   journal   = TOM,
   year      = {1994},
   month     = {9-11 Mars},
   pages     = {13.1-13.8}
}

	  
@article{RIO92,
   author    = {O. Rioul and P. Flandrin},
   title     = {Time-Scale Distributions : A General Class Extending
		  Wavelet Transform}, 
   journal   = {TRANSSIG},
   volume    = {40},
   number    = {7},
   pages     = {1746-57},
   year      = {1992},
   month     = {July}
}
		  
		  
@article{WIL91,
   author    = {W. Williams and M. Brown and A. Hero III},
   title     = {Uncertainty, information, time-frequency distributions},
   journal   = {SPIE Advanced Signal Processing Algorithms, Architectures
		  and Implementations II}, 
   volume    = {1566},
   pages     = {144-156},
   year      = {1991}
}
		  